<?xml version="1.0" encoding="UTF-8"?><collection xmlns="http://www.loc.gov/MARC21/slim"><record><leader>00384nam--2200145-i-4500</leader><controlfield tag="001">000024819</controlfield><controlfield tag="002">20161230</controlfield><controlfield tag="005">20161230201035</controlfield><controlfield tag="008">060222s1000------------r-----000-0-eng-d</controlfield><datafield ind1=" " ind2=" " tag="080"><subfield code="a">515.168</subfield></datafield><datafield ind1="1" ind2=" " tag="100"><subfield code="a">Gheeraert, Pierre</subfield></datafield><datafield ind1="1" ind2="0" tag="245"><subfield code="a">Theory of functions on complex manifolds</subfield></datafield><datafield ind1=" " ind2=" " tag="260"><subfield code="a">Berlin, Akademie-verlag, 1984. 226 P</subfield></datafield><datafield ind1=" " ind2=" " tag="852"><subfield code="a">71928</subfield><subfield code="c">517.5</subfield></datafield><datafield ind1=" " ind2=" " tag="CAT"><subfield code="a">Sys</subfield><subfield code="c">20080812</subfield><subfield code="h">080638</subfield></datafield></record></collection>